@article{samuel1959some,
	title={Some studies in machine learning using the game of checkers},
	author={Samuel, Arthur L},
	journal={IBM Journal of research and development},
	volume={3},
	number={3},
	pages={210--229},
	year={1959},
	publisher={IBM}
}

@article{barrick1991big,
  title={The big five personality dimensions and job performance: a meta-analysis},
  author={Barrick, Murray R and Mount, Michael K},
  journal={Personnel psychology},
  volume={44},
  number={1},
  pages={1--26},
  year={1991},
  publisher={Wiley Online Library}
}

@article{goldberg1993structure,
  title={The structure of phenotypic personality traits.},
  author={Goldberg, Lewis R},
  journal={American psychologist},
  volume={48},
  number={1},
  pages={26},
  year={1993},
  publisher={American Psychological Association}
}

@article{costa2008revised,
	title={The revised neo personality inventory (neo-pi-r)},
	author={Costa, Paul T and McCrae, Robert R},
	journal={The SAGE handbook of personality theory and assessment},
	volume={2},
	number={2},
	pages={179--198},
	year={2008},
	publisher={Sage Publications Inc. Thousand Oaks, CA, US}
}

@article{viswesvaran2000measurement,
	title={Measurement error in “Big Five Factors” personality assessment: Reliability generalization across studies and measures},
	author={Viswesvaran, Chockalingam and Ones, Deniz S},
	journal={Educational and Psychological Measurement},
	volume={60},
	number={2},
	pages={224--235},
	year={2000},
	publisher={Sage Publications Sage CA: Thousand Oaks, CA}
}

@article{saulsman2004five,
  title={The five-factor model and personality disorder empirical literature: A meta-analytic review},
  author={Saulsman, Lisa M and Page, Andrew C},
  journal={Clinical psychology review},
  volume={23},
  number={8},
  pages={1055--1085},
  year={2004},
  publisher={Elsevier}
}

@article{cheung1998indigenous,
	title={Indigenous personality measures: Chinese examples},
	author={Cheung, Fanny M and Leung, Kwok},
	journal={Journal of Cross-Cultural Psychology},
	volume={29},
	number={1},
	pages={233--248},
	year={1998},
	publisher={Sage Publications Sage CA: Thousand Oaks, CA}
}

